
@book{barendregt1984lambda,
  title={The lambda calculus},
  author={Barendregt, Hendrik Pieter},
  volume={3},
  year={1984},
  publisher={North-Holland Amsterdam}
}

@incollection{sestoft2002demonstrating,
  title={Demonstrating lambda calculus reduction},
  author={Sestoft, Peter},
  booktitle={The essence of computation},
  pages={420--435},
  year={2002},
  publisher={Springer}
}

@incollection{svb2001type,
  title={Type Systems for Programming Language, Course Notes},
  author={van Bakel, Steffen},
  year={2001},
}

@incollection{sestoft1996,
  title={Standard ML on the Web server: Visualizing Lambda Calculus Reduction},
  author={Sestoft, Peter},
  year={1996}
}

@article{curry1934functionality,
  title={Functionality in combinatory logic},
  author={Curry, Haskell B},
  journal={Proceedings of the National Academy of Sciences of the United States of America},
  volume={20},
  number={11},
  pages={584},
  year={1934},
  publisher={National Academy of Sciences}
}

@book{curry1972combinatory,
  title={Combinatory logic},
  author={Curry, Haskell Brooks and Feys, Robert and Craig, William and Hindley, J Roger and Seldin, Jonathan P},
  volume={2},
  year={1972},
  publisher={North-Holland Amsterdam}
}

@book{curry1972combinatory2,
  title={Combinatory Logic: Vol.: 2},
  author={Curry, Haskell B and Hindley, J Roger and Seldin, Jonathan P},
  year={1972},
  publisher={North-Holland Publishing Company}
}

@inproceedings{bloo1995preservation,
  title={Preservation of strong normalisation in named lambda calculi with explicit substitution and garbage collection},
  author={Bloo, Roel and Rose, Kristoffer H},
  booktitle={In CSN-95: Computer Science in the Netherlands},
  year={1995},
  organization={Citeseer}
}

@article{hankin1994lambda,
  title={Lambda Calculi: a guide for computer scientists},
  author={Hankin, Chris},
  year={1994}
}

@book{miran2011,
  title={Learn you a Haskell for great good!},
  author={Miran Lipovaca},
  year={2011},
  publisher={No Starch Press}
}

@article{church1940formulation,
  title={A formulation of the simple theory of types},
  author={Church, Alonzo},
  journal={The journal of symbolic logic},
  volume={5},
  number={02},
  pages={56--68},
  year={1940},
  publisher={Cambridge Univ Press}
}

@book{paulson1996ml,
  title={ML for the Working Programmer},
  author={Paulson, Lawrence C},
  year={1996},
  publisher={Cambridge University Press}
}
